=LDR 00890pam a2200253 i 4500
=001  BIB0004
=005  20250415120000.0
=008  250415s2025    nyu           000 1 eng d
=020  \\$a9781234567893$q(audiobook)
=035  \\$a(OCoLC)123456792
=040  \\$aDLC$cDLC
=100  1\$aSmith, John
=245  10$aFOLIO adventures part 4 /$cJohn Smith.
=260  \\$aNew York :$bFOLIO Press,$c2025.
=300  \\$a1 audio disc (8 hr.) ;$c4 3/4 in.
=336  \\$aspoken word$bspw$2rdacontent
=337  \\$aaudio$bs$2rdamedia
=338  \\$aaudio disc$bsd$2rdacarrier
=500  \\$aIncludes index.
=650  \0$aLibrary systems$vFiction
=852  \\$aLC$b12345678901237$p9876543210004

