=LDR 00880cam a2200241 i 4500
=001  BIB0006
=005  20250415120000.0
=008  250415s2025    nyu           000 1 eng d
=020  \\$a9781234567895$q(hardcover)
=035  \\$a(OCoLC)123456794
=040  \\$aDLC$cDLC
=100  1\$aSmith, John
=245  10$aFOLIO adventures part 6 /$cJohn Smith.
=260  \\$aNew York :$bFOLIO Press,$c2025.
=300  \\$a280 pages ;$c23 cm
=336  \\$atext$btxt$2rdacontent
=337  \\$aunmediated$bn$2rdamedia
=338  \\$avolume$bnc$2rdacarrier
=500  \\$aIncludes index.
=650  \0$aLibrary systems$vFiction
=852  \\$aLC$b12345678901239$p9876543210006

