=LDR 00920cam a2200253 i 4500
=001  BIB0009
=005  20250415120000.0
=008  250415s2025    nyu           000 1 eng d
=020  \\$a9781234567898$q(e-book)
=035  \\$a(OCoLC)123456797
=040  \\$aDLC$cDLC
=100  1\$aSmith, John
=245  10$aFOLIO adventures part 9 /$cJohn Smith.
=260  \\$aNew York :$bFOLIO Press,$c2025.
=300  \\$a1 online resource (310 pages) :$bdigital
=336  \\$atext$btxt$2rdacontent
=337  \\$acomputer$bc$2rdamedia
=338  \\$aonline resource$bcr$2rdacarrier
=500  \\$aIncludes index.
=650  \0$aLibrary systems$vFiction
=852  \\$aLC$b12345678901242$p9876543210009

